
@misc{https://doi.org/10.48550/arxiv.2204.06125,
  doi = {10.48550/ARXIV.2204.06125},
  
  url = {https://arxiv.org/abs/2204.06125},
  
  author = {Ramesh, Aditya and Dhariwal}, 
  title = {Hierarchical Text-Conditional Image Generation with CLIP Latents},
  
  publisher = {arXiv},
  
  year = {2022},
  
  copyright = {Creative Commons Attribution 4.0 International}
}
